\usepackage[utf8]{inputenc}
\begin{thebibliography}{99}

Relacione la información bibliográfica completa de las referencias que hayan sido utilizadas dentro
del texto. Se recomienda utilizar estilo APA (American Psychological Association, sexta edición) o
IEEE (Institute of Electrical and electronics engineering). Tenga en cuenta que la lista de
referencias no es un índice de materiales que puedan ser interesantes para el desarrollo del proyecto,
incluya únicamente lo que haya sido citado apropiadamente dentro del texto en cualquiera de
los campos.
@article{IEA2018,
    title={Global EV Outlook 2018, Towards cross-modal electrification},
    author={{The International Energy Agency}},
    year={2018},
    institution={The International Energy Agency}
}

@book{ISLR,
  title={An introduction to statistical learning},
  author={James, Gareth and Witten, Daniela and Hastie, Trevor and Tibshirani, Robert},
  volume={112},
  year={2013},
  publisher={Springer}
}

@article{greenacre1984,
  title={Theory and applications of correspondence analysis},
  author={Greenacre, Michael J},
  year={1984},
  publisher={London (UK) Academic Press}
}

@article{pearson1931test,
  title={The test of significance for the correlation coefficient},
  author={Pearson, Egon S},
  journal={Journal of the American Statistical Association},
  volume={26},
  number={174},
  pages={128--134},
  year={1931},
  publisher={Taylor \& Francis}
}

@Manual{Rcode,
    title = {R: A Language and Environment for Statistical Computing},
    author = {{R Core Team}},
    organization = {R Foundation for Statistical Computing},
    address = {Vienna, Austria},
    year = {2017},
    url = {https://www.R-project.org/},
  }

\end{thebibliography}